

@article{Hu:article_typical,
  author        = "M. K. Hu",
  title         = "Visual Pattern Recognition by Moment Invariants",
  journal       = "IRE Trans. Info. Theory",
  volume        = "IT-8",
  year          = "1962",
  pages         = "179-187"
}

@article{Torres-Mendez:article_typical,
    author        = "L.A. Torres-Mendez, J.C. Ruiz-Suarez, L.E. Sucar, G. Gomez",
    title         = "Translation, rotation, and scale-invariant object recognition",
    journal       = "Systems, Man, and Cybernetics, Part C: Applications and Reviews, IEEE Transactions on",
    volume        = "30",
    month         = feb,
    year          = "2000",
    pages         = "125-130"
}

@inproceedings{Potocnik:article_typical,
    author        = "B. Potocnik",
    title         = "Visual Pattern Recognition by Moment Invariants",
    booktitle       = "Multimedia Signal Processing and Communications, 48th International Symposium ELMAR-2006 focused on",
    month         = jun,
    year          = "2006",
    pages         = "27-32"
}

@article{Kaur:article_typical,
    author        = "Mandip Kaur, Simpel Jindal",
    title         = "An integrated skew detection and correction using fast fourier transform and dct",
    journal       = "International Journal of Scientific \& Technology Res",
    volume        = "2",
    month         = Dec,
    year          = "2013",
}

@electronic{Muralidharan:article_typical,
    author        = "Vishnu Muralidharan",
    title         = "Hu's Invariant Momentss",
    url           = "http://www.mathworks.com/matlabcentral/fileexchange/52259-hu-s-invariant-moments",
    month         = nov,
    year          = "2015",
}

@electronic{Naqvi:article_typical,
    author        = "Salman Naqvi, Uzair Sikora",
    title         = "EE368/CS232 Digital Image Processing. Course Project",
    url       = "http://web.stanford.edu/class/ee368/Project\_13/index.html",
    month         = nov,
    year          = "2015",
}

@inproceedings{Pradhan:article_typical,
    author        = "A. Pradhan,  M.P. Pradhan, A. Prasad",
    title         = "An approach for reducing morphological operator dataset and recognize Optical Character based on significant features",
    booktitle       = "Advances in Computing, Communications and Informatics (ICACCI), 2015 International Conference on",
    volume        = "2",
    month         = Aug,
    year          = "2015",
    pages         = "1631-1638"
}